<?xml version="1.0" encoding="UTF-8"?>
  <record xmlns="http://www.loc.gov/MARC21/slim" type="Authority">
    <leader>00000nz  a2200000nc 4500</leader>
    <controlfield tag="001">118883542</controlfield>
    <controlfield tag="003">DE-101</controlfield>
    <controlfield tag="005">20220705152711.0</controlfield>
    <controlfield tag="008">891031n||azznnaabn           | aaa    |c</controlfield>
    <datafield tag="024" ind1="7" ind2=" ">
      <subfield code="a">118883542</subfield>
      <subfield code="0">http://d-nb.info/gnd/118883542</subfield>
      <subfield code="2">gnd</subfield>
    </datafield>
    <datafield tag="035" ind1=" " ind2=" ">
      <subfield code="a">(DE-101)118883542</subfield>
    </datafield>
    <datafield tag="035" ind1=" " ind2=" ">
      <subfield code="a">(DE-588)118883542</subfield>
    </datafield>
    <datafield tag="035" ind1=" " ind2=" ">
      <subfield code="z">(DE-588)172061504</subfield>
    </datafield>
    <datafield tag="035" ind1=" " ind2=" ">
      <subfield code="z">(DE-588a)172061504</subfield>
      <subfield code="9">v:zg</subfield>
    </datafield>
    <datafield tag="035" ind1=" " ind2=" ">
      <subfield code="z">(DE-588a)118883542</subfield>
      <subfield code="9">v:zg</subfield>
    </datafield>
    <datafield tag="035" ind1=" " ind2=" ">
      <subfield code="z">(DE-588c)4220340-5</subfield>
      <subfield code="9">v:zg</subfield>
    </datafield>
    <datafield tag="040" ind1=" " ind2=" ">
      <subfield code="a">DE-12</subfield>
      <subfield code="c">DE-12</subfield>
      <subfield code="9">r:DE-12</subfield>
      <subfield code="b">ger</subfield>
      <subfield code="d">8122</subfield>
      <subfield code="e">rda</subfield>
    </datafield>
    <datafield tag="042" ind1=" " ind2=" ">
      <subfield code="a">gnd1</subfield>
    </datafield>
    <datafield tag="043" ind1=" " ind2=" ">
      <subfield code="c">XA-DE</subfield>
      <subfield code="c">XA-IT</subfield>
      <subfield code="c">XA-AT</subfield>
    </datafield>
    <datafield tag="065" ind1=" " ind2=" ">
      <subfield code="a">16.5p</subfield>
      <subfield code="2">sswd</subfield>
    </datafield>
    <datafield tag="075" ind1=" " ind2=" ">
      <subfield code="b">p</subfield>
      <subfield code="2">gndgen</subfield>
    </datafield>
    <datafield tag="075" ind1=" " ind2=" ">
      <subfield code="b">pik</subfield>
      <subfield code="2">gndspec</subfield>
    </datafield>
    <datafield tag="079" ind1=" " ind2=" ">
      <subfield code="a">g</subfield>
      <subfield code="q">s</subfield>
      <subfield code="q">a</subfield>
      <subfield code="q">f</subfield>
      <subfield code="q">z</subfield>
      <subfield code="u">v</subfield>
      <subfield code="u">w</subfield>
    </datafield>
    <datafield tag="100" ind1="0" ind2=" ">
      <subfield code="a">Eleonore</subfield>
      <subfield code="c">Heiliges Römisches Reich, Kaiserin</subfield>
      <subfield code="d">1630-1686</subfield>
    </datafield>
    <datafield tag="375" ind1=" " ind2=" ">
      <subfield code="a">2</subfield>
      <subfield code="2">iso5218</subfield>
    </datafield>
    <datafield tag="400" ind1="1" ind2=" ">
      <subfield code="a">Gonzaga, Eleonore</subfield>
      <subfield code="c">1630-1686</subfield>
      <subfield code="d">1630-1686</subfield>
      <subfield code="4">nafr</subfield>
      <subfield code="4">https://d-nb.info/standards/elementset/gnd#EarlierNameOfThePerson</subfield>
      <subfield code="w">r</subfield>
      <subfield code="i">Frueherer Name</subfield>
      <subfield code="e">Frueherer Name</subfield>
    </datafield>
    <datafield tag="400" ind1="0" ind2=" ">
      <subfield code="a">Eleonore</subfield>
      <subfield code="c">Mantua, Principessa, 1630-1686</subfield>
      <subfield code="d">1630-1686</subfield>
      <subfield code="4">nafr</subfield>
      <subfield code="4">https://d-nb.info/standards/elementset/gnd#EarlierNameOfThePerson</subfield>
      <subfield code="w">r</subfield>
      <subfield code="i">Frueherer Name</subfield>
      <subfield code="e">Frueherer Name</subfield>
    </datafield>
    <datafield tag="400" ind1="0" ind2=" ">
      <subfield code="a">Leonora Gonzaga</subfield>
      <subfield code="d">1630-1686</subfield>
    </datafield>
    <datafield tag="400" ind1="1" ind2=" ">
      <subfield code="a">Gonzaga, Leonora</subfield>
      <subfield code="d">1630-1686</subfield>
    </datafield>
    <datafield tag="400" ind1="0" ind2=" ">
      <subfield code="a">Eleonora Gonzaga</subfield>
      <subfield code="d">1630-1686</subfield>
    </datafield>
    <datafield tag="400" ind1="0" ind2=" ">
      <subfield code="a">Eleonora</subfield>
      <subfield code="c">Österreich, Erzherzogin</subfield>
      <subfield code="d">1630-1686</subfield>
      <subfield code="9">v:verh.</subfield>
    </datafield>
    <datafield tag="400" ind1="0" ind2=" ">
      <subfield code="a">Eleonora</subfield>
      <subfield code="c">Hungaria et Bohemia, Regina</subfield>
      <subfield code="d">1630-1686</subfield>
    </datafield>
    <datafield tag="400" ind1="0" ind2=" ">
      <subfield code="a">Eleonora</subfield>
      <subfield code="c">Heiliges Römisches Reich, Kaiserin</subfield>
      <subfield code="d">1630-1686</subfield>
    </datafield>
    <datafield tag="400" ind1="1" ind2=" ">
      <subfield code="a">Gonzaga, Eleonora</subfield>
      <subfield code="d">1630-1686</subfield>
    </datafield>
    <datafield tag="400" ind1="0" ind2=" ">
      <subfield code="a">Eleonora Gonzaga</subfield>
      <subfield code="c">d'Austria</subfield>
      <subfield code="d">1630-1686</subfield>
    </datafield>
    <datafield tag="400" ind1="0" ind2=" ">
      <subfield code="a">Eleonore</subfield>
      <subfield code="c">Kaiserin</subfield>
      <subfield code="d">1630-1686</subfield>
    </datafield>
    <datafield tag="400" ind1="0" ind2=" ">
      <subfield code="9">L:fre</subfield>
      <subfield code="a">Eleonore</subfield>
      <subfield code="c">Impératrice</subfield>
      <subfield code="d">1630-1686</subfield>
      <subfield code="5">CH-GND</subfield>
    </datafield>
    <datafield tag="400" ind1="0" ind2=" ">
      <subfield code="9">L:eng</subfield>
      <subfield code="a">Eleonore</subfield>
      <subfield code="c">Empress</subfield>
      <subfield code="d">1630-1686</subfield>
      <subfield code="5">CH-GND</subfield>
    </datafield>
    <datafield tag="400" ind1="1" ind2=" ">
      <subfield code="a">Gonzaga, Eleonore</subfield>
      <subfield code="c">Kaiserin</subfield>
      <subfield code="d">1630-1686</subfield>
    </datafield>
    <datafield tag="400" ind1="1" ind2=" ">
      <subfield code="a">Gonzaga, Eleonore</subfield>
      <subfield code="c">Impératrice</subfield>
      <subfield code="d">1630-1686</subfield>
    </datafield>
    <datafield tag="400" ind1="1" ind2=" ">
      <subfield code="a">Gonzaga, Eleonore</subfield>
      <subfield code="c">Empress</subfield>
      <subfield code="d">1630-1686</subfield>
    </datafield>
    <datafield tag="400" ind1="0" ind2=" ">
      <subfield code="a">Eleonore</subfield>
      <subfield code="c">Mantua, Prinzessin</subfield>
      <subfield code="d">1630-1686</subfield>
    </datafield>
    <datafield tag="400" ind1="0" ind2=" ">
      <subfield code="a">Eleonore</subfield>
      <subfield code="c">Mantua, Princesse</subfield>
      <subfield code="d">1630-1686</subfield>
    </datafield>
    <datafield tag="400" ind1="0" ind2=" ">
      <subfield code="a">Eleonore</subfield>
      <subfield code="c">Mantua, Princess</subfield>
      <subfield code="d">1630-1686</subfield>
    </datafield>
    <datafield tag="400" ind1="0" ind2=" ">
      <subfield code="a">Leonora Gonzaga</subfield>
      <subfield code="c">Kaiserin</subfield>
      <subfield code="d">1630-1686</subfield>
    </datafield>
    <datafield tag="400" ind1="0" ind2=" ">
      <subfield code="a">Leonora Gonzaga</subfield>
      <subfield code="c">Impératrice</subfield>
      <subfield code="d">1630-1686</subfield>
    </datafield>
    <datafield tag="400" ind1="0" ind2=" ">
      <subfield code="a">Leonora Gonzaga</subfield>
      <subfield code="c">Empress</subfield>
      <subfield code="d">1630-1686</subfield>
    </datafield>
    <datafield tag="400" ind1="1" ind2=" ">
      <subfield code="a">Gonzaga, Leonora</subfield>
      <subfield code="c">Kaiserin</subfield>
      <subfield code="d">1630-1686</subfield>
    </datafield>
    <datafield tag="400" ind1="1" ind2=" ">
      <subfield code="a">Gonzaga, Leonora</subfield>
      <subfield code="c">Impératrice</subfield>
      <subfield code="d">1630-1686</subfield>
    </datafield>
    <datafield tag="400" ind1="1" ind2=" ">
      <subfield code="a">Gonzaga, Leonora</subfield>
      <subfield code="c">Empress</subfield>
      <subfield code="d">1630-1686</subfield>
    </datafield>
    <datafield tag="400" ind1="0" ind2=" ">
      <subfield code="a">Eleonora Gonzaga</subfield>
      <subfield code="c">Kaiserin</subfield>
      <subfield code="d">1630-1686</subfield>
    </datafield>
    <datafield tag="400" ind1="0" ind2=" ">
      <subfield code="a">Eleonora Gonzaga</subfield>
      <subfield code="c">Impératrice</subfield>
      <subfield code="d">1630-1686</subfield>
    </datafield>
    <datafield tag="400" ind1="0" ind2=" ">
      <subfield code="a">Eleonora Gonzaga</subfield>
      <subfield code="c">Empress</subfield>
      <subfield code="d">1630-1686</subfield>
    </datafield>
    <datafield tag="400" ind1="0" ind2=" ">
      <subfield code="a">Eleonora</subfield>
      <subfield code="c">Österreich, Archiduchesse</subfield>
      <subfield code="d">1630-1686</subfield>
    </datafield>
    <datafield tag="400" ind1="0" ind2=" ">
      <subfield code="a">Eleonora</subfield>
      <subfield code="c">Österreich, Archduchesse</subfield>
      <subfield code="d">1630-1686</subfield>
    </datafield>
    <datafield tag="400" ind1="0" ind2=" ">
      <subfield code="a">Eleonora</subfield>
      <subfield code="c">Hungaria et Bohemia, Königin</subfield>
      <subfield code="d">1630-1686</subfield>
    </datafield>
    <datafield tag="400" ind1="0" ind2=" ">
      <subfield code="a">Eleonora</subfield>
      <subfield code="c">Hungaria et Bohemia, Reine</subfield>
      <subfield code="d">1630-1686</subfield>
    </datafield>
    <datafield tag="400" ind1="0" ind2=" ">
      <subfield code="a">Eleonora</subfield>
      <subfield code="c">Hungaria et Bohemia, Queen</subfield>
      <subfield code="d">1630-1686</subfield>
    </datafield>
    <datafield tag="400" ind1="0" ind2=" ">
      <subfield code="a">Eleonora</subfield>
      <subfield code="c">Kaiserin</subfield>
      <subfield code="d">1630-1686</subfield>
    </datafield>
    <datafield tag="400" ind1="0" ind2=" ">
      <subfield code="a">Eleonora</subfield>
      <subfield code="c">Impératrice</subfield>
      <subfield code="d">1630-1686</subfield>
    </datafield>
    <datafield tag="400" ind1="0" ind2=" ">
      <subfield code="a">Eleonora</subfield>
      <subfield code="c">Empress</subfield>
      <subfield code="d">1630-1686</subfield>
    </datafield>
    <datafield tag="400" ind1="1" ind2=" ">
      <subfield code="a">Gonzaga, Eleonora</subfield>
      <subfield code="c">Kaiserin</subfield>
      <subfield code="d">1630-1686</subfield>
    </datafield>
    <datafield tag="400" ind1="1" ind2=" ">
      <subfield code="a">Gonzaga, Eleonora</subfield>
      <subfield code="c">Impératrice</subfield>
      <subfield code="d">1630-1686</subfield>
    </datafield>
    <datafield tag="400" ind1="1" ind2=" ">
      <subfield code="a">Gonzaga, Eleonora</subfield>
      <subfield code="c">Empress</subfield>
      <subfield code="d">1630-1686</subfield>
    </datafield>
    <datafield tag="400" ind1="0" ind2=" ">
      <subfield code="a">Eleonora Gonzaga</subfield>
      <subfield code="c">d'Austria, Kaiserin</subfield>
      <subfield code="d">1630-1686</subfield>
    </datafield>
    <datafield tag="400" ind1="0" ind2=" ">
      <subfield code="a">Eleonora Gonzaga</subfield>
      <subfield code="c">d'Austria, Impératrice</subfield>
      <subfield code="d">1630-1686</subfield>
    </datafield>
    <datafield tag="400" ind1="0" ind2=" ">
      <subfield code="a">Eleonora Gonzaga</subfield>
      <subfield code="c">d'Austria, Empress</subfield>
      <subfield code="d">1630-1686</subfield>
    </datafield>
    <datafield tag="400" ind1="1" ind2=" ">
      <subfield code="a">Gonzaga von Mantua-Nevers, Eleonora Magdalena</subfield>
      <subfield code="d">1630-1686</subfield>
    </datafield>
    <datafield tag="548" ind1=" " ind2=" ">
      <subfield code="a">30.04.1630-06.12.1686</subfield>
      <subfield code="4">datx</subfield>
      <subfield code="4">https://d-nb.info/standards/elementset/gnd#dateOfBirthAndDeath</subfield>
      <subfield code="w">r</subfield>
      <subfield code="i">Exakte Lebensdaten</subfield>
      <subfield code="9">v:abweichendes Geburtsdatum nach Wikipedia: 18.11.1628</subfield>
    </datafield>
    <datafield tag="548" ind1=" " ind2=" ">
      <subfield code="a">1630-1686</subfield>
      <subfield code="4">datl</subfield>
      <subfield code="4">https://d-nb.info/standards/elementset/gnd#dateOfBirthAndDeath</subfield>
      <subfield code="w">r</subfield>
      <subfield code="i">Lebensdaten</subfield>
      <subfield code="9">v:abweichendes Geburtsjahr nach Wikipedia: 1628</subfield>
    </datafield>
    <datafield tag="550" ind1=" " ind2=" ">
      <subfield code="0">(DE-101)04163019X</subfield>
      <subfield code="0">(DE-588)4163019-1</subfield>
      <subfield code="0">https://d-nb.info/gnd/4163019-1</subfield>
      <subfield code="a">Kaiserin</subfield>
      <subfield code="4">adel</subfield>
      <subfield code="4">https://d-nb.info/standards/elementset/gnd#titleOfNobility</subfield>
      <subfield code="w">r</subfield>
      <subfield code="i">Adelstitel</subfield>
    </datafield>
    <datafield tag="550" ind1=" " ind2=" ">
      <subfield code="0">(DE-101)040004643</subfield>
      <subfield code="0">(DE-588)4000464-8</subfield>
      <subfield code="0">https://d-nb.info/gnd/4000464-8</subfield>
      <subfield code="a">Adel</subfield>
      <subfield code="4">obin</subfield>
      <subfield code="4">https://d-nb.info/standards/elementset/gnd#broaderTermInstantial</subfield>
      <subfield code="w">r</subfield>
      <subfield code="i">Oberbegriff instantiell</subfield>
    </datafield>
    <datafield tag="551" ind1=" " ind2=" ">
      <subfield code="0">(DE-101)004911474</subfield>
      <subfield code="0">(DE-588)2035457-5</subfield>
      <subfield code="0">https://d-nb.info/gnd/2035457-5</subfield>
      <subfield code="a">Heiliges Römisches Reich</subfield>
      <subfield code="4">ortw</subfield>
      <subfield code="4">https://d-nb.info/standards/elementset/gnd#placeOfActivity</subfield>
      <subfield code="w">r</subfield>
      <subfield code="i">Wirkungsort</subfield>
    </datafield>
    <datafield tag="551" ind1=" " ind2=" ">
      <subfield code="0">(DE-101)041149785</subfield>
      <subfield code="0">(DE-588)4114978-6</subfield>
      <subfield code="0">https://d-nb.info/gnd/4114978-6</subfield>
      <subfield code="a">Mantua</subfield>
      <subfield code="4">ortg</subfield>
      <subfield code="4">https://d-nb.info/standards/elementset/gnd#placeOfBirth</subfield>
      <subfield code="w">r</subfield>
      <subfield code="i">Geburtsort</subfield>
    </datafield>
    <datafield tag="551" ind1=" " ind2=" ">
      <subfield code="0">(DE-101)040660095</subfield>
      <subfield code="0">(DE-588)4066009-6</subfield>
      <subfield code="0">https://d-nb.info/gnd/4066009-6</subfield>
      <subfield code="a">Wien</subfield>
      <subfield code="4">orts</subfield>
      <subfield code="4">https://d-nb.info/standards/elementset/gnd#placeOfDeath</subfield>
      <subfield code="w">r</subfield>
      <subfield code="i">Sterbeort</subfield>
    </datafield>
    <datafield tag="667" ind1=" " ind2=" ">
      <subfield code="a">VD-17</subfield>
    </datafield>
    <datafield tag="667" ind1=" " ind2=" ">
      <subfield code="a">OENAK</subfield>
    </datafield>
    <datafield tag="670" ind1=" " ind2=" ">
      <subfield code="a">NDB</subfield>
    </datafield>
    <datafield tag="670" ind1=" " ind2=" ">
      <subfield code="a">Wikipedia</subfield>
      <subfield code="b">Stand: 05.07.2022</subfield>
      <subfield code="u">https://de.wikipedia.org/w/index.php?title=Eleonora_Magdalena_Gonzaga_von_Mantua-Nevers&amp;oldid=223125311</subfield>
    </datafield>
    <datafield tag="672" ind1=" " ind2="0">
      <subfield code="a">Forti, Nicolò: Nelle pompe funerali celebrate per la sacra cesarea real maestà dell'imp*. - 1687</subfield>
    </datafield>
    <datafield tag="678" ind1=" " ind2=" ">
      <subfield code="b">Tochter Karls II., Prinz von Mantua und Herzog von Rethel; seit 1651 3. Ehefrau von Ferdinand III.</subfield>
    </datafield>
    <datafield tag="913" ind1=" " ind2=" ">
      <subfield code="S">pnd</subfield>
      <subfield code="i">5</subfield>
      <subfield code="a">Eleonore &lt;Römisch-Deutsches Reich, Kaiserin, 1630-1686&gt;</subfield>
      <subfield code="0">(DE-588a)118883542</subfield>
    </datafield>
    <datafield tag="913" ind1=" " ind2=" ">
      <subfield code="S">pnd</subfield>
      <subfield code="i">5</subfield>
      <subfield code="a">Eleonore &lt;Römisch-Deutsches Reich, Kaiserin&gt;</subfield>
      <subfield code="0">(DE-588a)172061504</subfield>
    </datafield>
  </record>
